@article{DBLP:journals/heuristics/ChuB98,
  author    = {P. C. Chu and
               J. E. Beasley},
  title     = {A Genetic Algorithm for the Multidimensional Knapsack Problem},
  journal   = {J. Heuristics},
  volume    = {4},
  number    = {1},
  pages     = {63--86},
  year      = {1998},
  url       = {https://doi.org/10.1023/A:1009642405419},
  doi       = {10.1023/A:1009642405419},
  timestamp = {Wed, 14 Jun 2017 20:33:24 +0200},
  biburl    = {https://dblp.org/rec/bib/journals/heuristics/ChuB98},
  bibsource = {dblp computer science bibliography, https://dblp.org}
}